@article{ott2002diagnosis,
  title={Diagnosis of intrauterine growth restriction: comparison of ultrasound parameters},
  author={Ott, William J},
  journal={American journal of perinatology},
  volume={19},
  number={03},
  pages={133--138},
  year={2002},
  publisher={Copyright{\copyright} 2002 by Thieme Medical Publishers, Inc., 333 Seventh Avenue, New York, NY 10001, USA. Tel.:+ 1 (212) 584-4662}
}

@article{williams2001abdominal,
  title={Abdominal circumference: a single measurement versus growth rate in the prediction of intrapartum Cesarean section for fetal distress},
  author={Williams, KP and Nwebube, N},
  journal={Ultrasound in obstetrics \& gynecology},
  volume={17},
  number={6},
  pages={493--495},
  year={2001},
  publisher={Wiley Online Library}
}

@article{resnik2002intrauterine,
  title={Intrauterine growth restriction},
  author={Resnik, Robert},
  journal={Obstetrics \& Gynecology},
  volume={99},
  number={3},
  pages={490--496},
  year={2002},
  publisher={Elsevier}
}

@article{o2013air,
  title={Air pollution, inflammation and preterm birth in Mexico City: study design and methods},
  author={Oâ€™Neill, Marie S and Osornio-Vargas, Alvaro and Buxton, Miatta A and S{\'a}nchez, Brisa N and Rojas-Bracho, Leonora and Castillo-Castrejon, Marisol and Mordhukovich, Irina B and Brown, Daniel G and Vadillo-Ortega, Felipe and others},
  journal={Science of the Total Environment},
  volume={448},
  pages={79--83},
  year={2013},
  publisher={Elsevier}
}

@article{smith2002early,
  title={Early pregnancy levels of pregnancy-associated plasma protein a and the risk of intrauterine growth restriction, premature birth, preeclampsia, and stillbirth},
  author={Smith, Gordon CS and Stenhouse, Emily J and Crossley, Jennifer A and Aitken, David A and Cameron, Alan D and Connor, J Michael},
  journal={The Journal of Clinical Endocrinology \& Metabolism},
  volume={87},
  number={4},
  pages={1762--1767},
  year={2002},
  publisher={Oxford University Press}
}

@article{berkowitz2003world,
  title={The World Trade Center disaster and intrauterine growth restriction},
  author={Berkowitz, Gertrud S and Wolff, Mary S and Janevic, Teresa M and Holzman, Ian R and Yehuda, Rachel and Landrigan, Philip J},
  journal={Jama},
  volume={290},
  number={5},
  pages={595--596},
  year={2003},
  publisher={American Medical Association}
}

@article{choi2008prenatal,
  title={Prenatal exposure to airborne polycyclic aromatic hydrocarbons and risk of intrauterine growth restriction},
  author={Choi, Hyunok and Rauh, Virginia and Garfinkel, Robin and Tu, Yihsuan and Perera, Frederica P},
  journal={Environmental Health Perspectives},
  volume={116},
  number={5},
  pages={658},
  year={2008}, publisher={National Institute of Environmental Health Science}
}

@article{maisonet2004review,
  title={A review of the literature on the effects of ambient air pollution on fetal growth},
  author={Maisonet, Mildred and Correa, Adolfo and Misra, Dawn and Jaakkola, Jouni JK},
  journal={Environmental research},
  volume={95},
  number={1},
  pages={106--115},
  year={2004},
  publisher={Elsevier}
}

@article{alderman1987maternal,
  title={Maternal exposure to neighborhood carbon monoxide and risk of low infant birth weight.},
  author={Alderman, Beth W and Baron, Anna E and Savitz, David A},
  journal={Public Health Reports},
  volume={102},
  number={4},
  pages={410},
  year={1987},
  publisher={SAGE Publications}
}

@article{landgren1996environmental,
  title={Environmental pollution and delivery outcome in southern Sweden: a study with central registries},
  author={Landgren, O},
  journal={Acta paediatrica},
  volume={85},
  number={11},
  pages={1361--1364},
  year={1996},
  publisher={Wiley Online Library}
}

@article{bobak1999pregnancy,
  title={Pregnancy outcomes and outdoor air pollution: an ecological study in districts of the Czech Republic 1986-8.},
  author={Bobak, Martin and Leon, David A},
  journal={Occupational and environmental medicine},
  volume={56},
  number={8},
  pages={539--543},
  year={1999},
  publisher={BMJ Publishing Group Ltd}
}

@article{bobak2000outdoor,
  title={Outdoor air pollution, low birth weight, and prematurity.},
  author={Bobak, Martin},
  journal={Environmental health perspectives},
  volume={108},
  number={2},
  pages={173},
  year={2000},
  publisher={National Institute of Environmental Health Science}
}

@article{rogers2000association,
  title={Association of very low birth weight with exposures to environmental sulfur dioxide and total suspended particulates},
  author={Rogers, J Felix and Thompson, Shirley J and Addy, Cheryl L and McKeown, Robert E and Cowen, David J and Decoufle, Pierre},
  journal={American journal of epidemiology},
  volume={151},
  number={6},
  pages={602--613},
  year={2000},
  publisher={Oxford University Press}
}
